@Online{intel:i9_9900k,
  Title                    = {Intel® Core™ i9-9900K Prozessor},
  Author                   = {{Intel Corporation}},
  URL                      = {https://ark.intel.com/content/www/de/de/ark/products/186605/intel-core-i9-9900k-processor-16m-cache-up-to-5-00-ghz.html},
  Urldate                  = {2020-06-03},
  Year                     = {2020}
}

@Online{intel:i3_9100,
  Title                    = {Intel® Core™ i3 Prozessor 9100},
  Author                   = {{Intel Corporation}},
  URL                      = {https://ark.intel.com/content/www/de/de/ark/products/134870/intel-core-i3-9100-processor-6m-cache-up-to-4-20-ghz.html},
  Urldate                  = {2020-06-03},
  Year                     = {2020}
}

@Online{nvidia:rtx_2080ti,
  Title                    = {NVIDIA GeForce RTX 2080Ti},
  Author                   = {{NVIDIA Corporation}},
  URL                      = {https://www.nvidia.com/de-de/geforce/graphics-cards/rtx-2080-ti},
  Urldate                  = {2020-06-03},
  Year                     = {2020}
}

@Online{nvidia:gtx_1650,
  Title                    = {NVIDIA GeForce GTX 1650},
  Author                   = {{NVIDIA Corporation}},
  URL                      = {https://www.nvidia.com/de-de/geforce/graphics-cards/gtx-1650/},
  Urldate                  = {2020-06-03},
  Year                     = {2020}
}

@Online{amd:threadripper_3990x,
  Title                    = {AMD Ryzen™ Threadripper™ 3990X},
  Author                   = {{Advanced Micro Devices, Inc}},
  URL                      = {https://www.amd.com/de/products/cpu/amd-ryzen-threadripper-3990x},
  Urldate                  = {2020-06-03},
  Year                     = {2020}
}


@misc{gpu_history,
  author       = {Chris McClanahan},
  title        = {History and Evolution of GPU Architecture},
  howpublished = {Survey Paper},
  URL          = {http://www.mathcs.emory.edu/~cheung/Courses/355/Syllabus/94-CUDA/Docs/gpu-hist-paper.pdf},
  year         = {2010}
}


@misc{2080_ti_graphics_card,
  author        = {{Wikimedia Commons}},
  title         = {Picture of a Zotax Gaming 2080 ti Graphics Card},
  URL           = {https://commons.wikimedia.org/wiki/File:Zotac_Gaming_GTX_2080_ti.jpg},
  Urldate       = {2020-06-03},
  year          = {2019}
}

