@BOOK{real_time_rendering,
	AUTHOR = {Akenine-Möller, Tomas  AND Haines, Eric AND Hoffman, Naty},
	YEAR = {2018},
	TITLE = {Real-Time Rendering},
	EDITION = {Fourth Edition},
	ISBN = {978-1-351-81615-1},
	PUBLISHER = {CRC Press},
	ADDRESS = {Boca Raton, Fla},
}


@misc{intel:i9_9900k,
  Title                    = {Intel® Core™ i9-9900K Prozessor},
  Author                   = {{Intel Corporation}},
  URL                      = {https://ark.intel.com/content/www/de/de/ark/products/186605/intel-core-i9-9900k-processor-16m-cache-up-to-5-00-ghz.html},
  Urldate                  = {2020-06-03},
  type                     = {Hardware}
}

@misc{intel:i3_9100,
  Title                    = {Intel® Core™ i3 Prozessor 9100},
  Author                   = {{Intel Corporation}},
  URL                      = {https://ark.intel.com/content/www/de/de/ark/products/134870/intel-core-i3-9100-processor-6m-cache-up-to-4-20-ghz.html},
  Urldate                  = {2020-06-03},
  type                     = {Hardware}
}

@misc{nvidia:rtx_2080ti,
  Title                    = {NVIDIA GeForce RTX 2080Ti},
  Author                   = {{NVIDIA Corporation}},
  URL                      = {https://www.nvidia.com/de-de/geforce/graphics-cards/rtx-2080-ti},
  Urldate                  = {2020-06-03},
  type                     = {Hardware}
}

@misc{nvidia:gtx_1650,
  Title                    = {NVIDIA GeForce GTX 1650},
  Author                   = {{NVIDIA Corporation}},
  URL                      = {https://www.nvidia.com/de-de/geforce/graphics-cards/gtx-1650/},
  Urldate                  = {2020-06-03},
  type                     = {Hardware}
}

@misc{amd:threadripper_3990x,
  Title                    = {AMD Ryzen™ Threadripper™ 3990X},
  Author                   = {{Advanced Micro Devices, Inc}},
  URL                      = {https://www.amd.com/de/products/cpu/amd-ryzen-threadripper-3990x},
  Urldate                  = {2020-06-03},
  type                     = {Hardware}
}


@misc{gpu_history,
  author       = {Chris McClanahan},
  title        = {History and Evolution of GPU Architecture},
  howpublished = {Survey Paper},
  URL          = {http://www.mathcs.emory.edu/~cheung/Courses/355/Syllabus/94-CUDA/Docs/gpu-hist-paper.pdf},
  year         = {2010}
}


@misc{2080_ti_graphics_card,
  author        = {{Wikimedia Commons}},
  title         = {Picture of a Zotax Gaming 2080 ti Graphics Card},
  URL           = {https://commons.wikimedia.org/wiki/File:Zotac_Gaming_GTX_2080_ti.jpg},
  Urldate       = {2020-06-03},
  year          = {2019},
  type          = {Bild}
}


@Online{webgpu:implementation_status,
  Title                    = {Implementation Status},
  Author                   = {{GPU for the Web Community Group}},
  URL                      = {https://github.com/gpuweb/gpuweb/wiki/Implementation-Status},
  Urldate                  = {2020-06-09}
}

@misc{google:chrome_canary,
  title 			= {Chrome Canary},
  author 			= {{Google Corporation}},
  URL               = {https://www.google.com/intl/de/chrome/canary/},
  Urldate           = {2020-06-12},
  type              = {Software (Anwendung)}
}

@misc{mozilla:firefox_nightly,
  title 			= {Firefox Nighlty},
  author 			= {{Mozilla Foundation}},
  URL               = {https://www.mozilla.org/de/firefox/all/#product-desktop-nightly},
  Urldate           = {2020-06-12},
  type              = {Software (Anwendung)}
}

@misc{renderdoc,
  title 			= {RenderDoc},
  author 			= {Baldur Karlsson and {RenderDoc community}},
  URL               = {https://renderdoc.org},
  Urldate           = {2020-06-12},
  type              = {Software (Anwendung)}
}

@misc{nvidia:nsight_graphics,
  title 			= {NVIDIA® Nsight™ Graphics},
  author 			= {{NVIDIA Corporation}},
  URL               = {https://developer.nvidia.com/nsight-graphics},
  Urldate           = {2020-06-12},
  type              = {Software (Anwendung)}
}

@misc{microsoft:pix,
  author 			= {{Microsoft Corporation}},
  title 			= {PIX on Windows},
  URL               = {https://devblogs.microsoft.com/pix/},
  Urldate           = {2020-06-12},
  type              = {Software (Anwendung)}
}

@misc{microsoft:d3d11on12,
  Title                    = {D3D11On12},
  Author                   = {{Microsoft Corporation}},
  URL                      = {https://github.com/microsoft/D3D11On12},
  Urldate                  = {2020-06-12},
  type                     = {Software (API)}
}

@misc{dear_imgui,
  Title                    = {Dear ImGui},
  Author                   = {Omar Cornut and {Dear ImGui community}},
  URL                      = {https://github.com/ocornut/imgui},
  Urldate                  = {2020-06-14},
  type                     = {Software (API)}
}

@Online{weissflog:handles,
  Title                    = {Handles are the better pointers},
  Author                   = {Andre Weissflog},
  URL                      = {https://floooh.github.io/2018/06/17/handles-vs-pointers.html},
  Urldate                  = {2020-06-15}
}

@Online{weissflog:structs,
  Title                    = {Modern C for C++ Peeps},
  Author                   = {Andre Weissflog},
  URL                      = {https://floooh.github.io/2019/09/27/modern-c-for-cpp-peeps.html},
  Urldate                  = {2020-06-15}
}

@misc{emscripten,
  Title                    = {Emscripten},
  Author                   = {{Emscripten Contributors (https://emscripten.org/docs/contributing/AUTHORS.html)}},
  URL                      = {https://emscripten.org/},
  Urldate                  = {2020-06-15},
  type                     = {Software (Werkzeug)}
}

@misc{llvm,
  Title                    = {LLVM},
  Author                   = {{LLVM community}},
  URL                      = {https://llvm.org/},
  Urldate                  = {2020-06-15},
  type                     = {Software (Werkzeug)}
}

@misc{wasm,
  Title                    = {WebAssembly},
  Author                   = {{WebAssembly community}},
  URL                      = {https://webassembly.org/},
  Urldate                  = {2020-06-15},
  type                     = {Spezifikation}
}

@misc{microsoft:wsl,
  Title                    = {What is the Windows Subsystem for Linux?},
  Author                   = {{Microsoft Corporation}},
  URL                      = {https://docs.microsoft.com/de-de/windows/wsl/about},
  Urldate                  = {2020-06-15},
  type                     = {Software (Werkzeug)}
}

@misc{emsdk,
  Title                    = {Getting Started},
  Author                   = {{Emscripten Contributors (https://emscripten.org/docs/contributing/AUTHORS.html)}},
  URL                      = {https://emscripten.org/docs/getting_started/index.html},
  Urldate                  = {2020-06-15},
  type                     = {Software (Werkzeug)}
}

@misc{google:dawn,
  Title                    = {Dawn, a WebGPU implementation},
  Author                   = {{Google Corporation}},
  URL                      = {https://dawn.googlesource.com/dawn},
  Urldate                  = {2020-06-15},
  type                     = {Software (Implementierung)}
}

@misc{mozilla:wgpu,
  Title                    = {wgpu},
  Author                   = {{Mozilla Foundation}},
  URL                      = {https://hg.mozilla.org/mozilla-central/file/tip/gfx/wgpu},
  Urldate                  = {2020-06-15},
  type                     = {Software (Implementierung)}
}

@misc{chromium,
  Title                    = {Chromium},
  Author                   = {{Google Corporation}},
  URL                      = {https://www.chromium.org/Home},
  Urldate                  = {2020-06-15},
  type                     = {Software (Anwendung)}
}

@misc{microsoft:edge_canary,
  Title                    = {Microsoft Edge Insider Channels},
  Author                   = {{Microsoft Corporation}},
  URL                      = {https://www.microsoftedgeinsider.com/de-de/download},
  Urldate                  = {2020-06-15},
  type                     = {Software (Anwendung)}
}

@misc{khronos:gltf,
  Title                    = {glTF Overview},
  Author                   = {{Khronos Group}},
  URL                      = {https://www.khronos.org/gltf/},
  Urldate                  = {2020-06-15},
  type                     = {Datenformat}

}

@misc{sponza,
  Title                    = {Sponza},
  Author                   = {{Khronos Group}},
  URL                      = {https://github.com/KhronosGroup/glTF-Sample-Models/tree/master/2.0/Sponza},
  note					   = {\small \texttt{Original Crytek Sponza model provided at: http://www.crytek.com/cryengine/cryengine3/downloads glTF conversion provided by @Themaister at: http://themaister.net/sponza-gltf-pbr/

There is no explicitly stated license for the model. The source page states:

\quotize{The Atrium Sponza Palace, Dubrovnik, is an elegant and improved model created by Frank Meinl. The original Sponza model was created by Marko Dabrovic in early 2002. Over the years, the Sponza Atrium scene has become one of the most popular 3D scenes for testing global illumination and radiosity due to it's specific architectural structure which is particularly complex for global illumination light.

However, nowadays it is considered as a simple model, thus it was decided to crate a new model with highly improved appearance and scene complexity. It is donated to the public for radiosity and is represented in several different formats (3ds, Obj) for use with various commercial 3D applications and renderers.}}},
  Urldate                  = {2020-06-15},
  type                     = {3D-Modell}
}

@Online{adobe:stage3d,
  Title                    = {Stage3D},
  Author                   = {{Wikipedia, the free encyclopedia}},
  URL                      = {https://en.wikipedia.org/wiki/Stage3D},
  Urldate                  = {2020-06-15}
}

@Online{khronos:webgl,
  Title                    = {Stage3D},
  Author                   = {{Khronos Group}},
  URL                      = {https://www.khronos.org/webgl/},
  Urldate                  = {2020-06-15},
  type					   = {Software (API)}
}

@misc{learnopengl:coordinate_systems,
  author        = {{learnopengl.com}},
  title         = {Overview of coordinate systems},
  URL           = {https://learnopengl.com/Getting-started/Coordinate-Systems},
  Urldate       = {2020-06-20},
  type          = {Bild}
}

@Online{wikipedia:shader,
  Title                    = {Shader},
  Author                   = {{Wikipedia, the free encyclopedia}},
  URL                      = {https://en.wikipedia.org/wiki/Shader},
  Urldate                  = {2020-06-20}
}

@misc{scratchapixel:barycentric_color,
  author        = {{Scratchapixel}},
  title         = {Figure 3: barycentric coordinates can be used to interpolate vertex data at the hit point. In this example for example we compute the color at P using vertex color.},
  URL           = {https://www.scratchapixel.com/lessons/3d-basic-rendering/ray-tracing-rendering-a-triangle/barycentric-coordinates},
  Urldate       = {2020-06-20},
  type          = {Bild}
}

@InProceedings{cook:shade_trees,
author = {Robert L. Cook},
title = {Shade Trees},
booktitle = {Computer Graphics},
year = {1984},
volume = {18},
number = {3},
}

@misc{pixar:rsl,
  author 			= {{Pixar}},
  title 			= {RenderMan Shading Language},
  URL               = {
https://renderman.pixar.com/resources/RenderMan_20/shadingLanguage.html},
  Urldate           = {2020-06-12},
  type              = {Spezifikation}
}

@Online{wikipedia:3dfx_voodoo,
  Title                    = {3dfx Voodoo Graphics},
  Author                   = {{Wikipedia, the free encyclopedia}},
  URL                      = {https://de.wikipedia.org/wiki/3dfx_Voodoo_Graphics},
  Urldate                  = {2020-06-20}
}

@Online{wikipedia:geforce256,
  Title                    = {GeForce 256},
  Author                   = {{Wikipedia, the free encyclopedia}},
  URL                      = {https://en.wikipedia.org/wiki/GeForce_256},
  Urldate                  = {2020-06-20}
}

@Online{wikipedia:geforce3,
  Title                    = {GeForce 3 series},
  Author                   = {{Wikipedia, the free encyclopedia}},
  URL                      = {https://en.wikipedia.org/wiki/GeForce_3_series},
  Urldate                  = {2020-06-20}
}

@Online{wikipedia:glsl,
  Title                    = {OpenGL Shading Language},
  Author                   = {{Wikipedia, the free encyclopedia}},
  URL                      = {https://en.wikipedia.org/wiki/OpenGL_Shading_Language},
  Urldate                  = {2020-06-20}
}

@Online{wikipedia:hlsl,
  Title                    = {High-Level Shading Language},
  Author                   = {{Wikipedia, the free encyclopedia}},
  URL                      = {https://en.wikipedia.org/wiki/High-Level_Shading_Language},
  Urldate                  = {2020-06-20}
}

@Online{wikipedia:webgpu,
  Title                    = {WebGPU},
  Author                   = {{Wikipedia, the free encyclopedia}},
  URL                      = {https://en.wikipedia.org/wiki/WebGPU},
  Urldate                  = {2020-06-20}
}

@Online{w3:community_gpu,
  Title                    = {GPU for the Web Community Group},
  Author                   = {{GPU for the Web Community Group}},
  URL                      = {https://www.w3.org/community/gpu/},
  Urldate                  = {2020-06-20}
}

@Online{w3:webgpu,
  Title                    = {WebGPU},
  Author                   = {{GPU for the Web Community Group}},
  Editor                   = {Dzmitry Malyshau and Justin Fan and Kai Ninomiya},
  URL                      = {https://gpuweb.github.io/gpuweb/},
  Urldate                  = {2020-06-09},
  note                     = {Editor’s Draft, 8 June 2020}
}

@Online{w3:wgsl,
  Title                    = {WebGPU Shading Language},
  Author                   = {{GPU for the Web Community Group}},
  Editor                   = {Dan Sinclair and Myles C. Maxfield},
  URL                      = {https://gpuweb.github.io/gpuweb/wgsl.html},
  Urldate                  = {2020-06-20},
  note                     = {Editor’s Draft, 22 June 2020}
}

@Online{golem:webgpu,
  Title                    = {Apple stellt moderne 3D-Grafik für das Web vor},
  Author                   = {Sebastian Grüner},
  URL                      = {https://www.golem.de/news/webgpu-apple-stellt-moderne-3d-grafik-fuer-das-web-vor-1702-126075.html},
  Urldate                  = {2020-06-20}
}

@misc{github:wgsl_terrible,
  Title                    = {WGSL is terrible!},
  Author                   = {{Joshua-Ashton}},
  URL                      = {https://github.com/gpuweb/gpuweb/issues/566},
  Urldate                  = {2020-06-20},
  type                     = {Online-Diskussion}
}

@misc{github:wgsl_loop,
  Title                    = {Consider adding sugar for familiar loop constructs},
  Author                   = {{Kangz}},
  URL                      = {https://github.com/gpuweb/gpuweb/issues/569},
  Urldate                  = {2020-06-20},
  type                     = {Online-Diskussion}
}

@misc{shaderc,
  Title                    = {shaderc},
  Author                   = {{shaderc Contributors}},
  URL                      = {https://github.com/google/shaderc},
  Urldate                  = {2020-06-15},
  type                     = {Software (Werkzeug)}
}

@misc{hacker_news:apple_khronos,
  Title                    = {Discussion on: WebGPU Shading Language},
  Author                   = {{Online users}},
  URL                      = {https://news.ycombinator.com/item?id=22536961},
  Urldate                  = {2020-06-20},
  type                     = {Online-Diskussion}
}

@Online{wikipedia:swizzling,
  Title                    = {Swizzling (computer graphics)},
  Author                   = {{Wikipedia, the free encyclopedia}},
  URL                      = {https://en.wikipedia.org/wiki/Swizzling_(computer_graphics)},
  Urldate                  = {2020-06-20}
}
